<?xml version="1.0" encoding="UTF-8"?><collection xmlns="http://www.loc.gov/MARC21/slim"><record><leader>00379nam--2200133-i-4500</leader><controlfield tag="001">000023583</controlfield><controlfield tag="002">20161230</controlfield><controlfield tag="005">20161230201035</controlfield><controlfield tag="008">060222s1000------------r-----000-0-eng-d</controlfield><datafield ind1=" " ind2=" " tag="080"><subfield code="a">543.422.4+543.424</subfield></datafield><datafield ind1=" " ind2=" " tag="245"><subfield code="a">Infrared and raman spectroscopy of lunar and terestrial minerals</subfield></datafield><datafield ind1=" " ind2=" " tag="260"><subfield code="a">New York, Academic Press, 1975. Xii + 375p</subfield></datafield><datafield ind1=" " ind2=" " tag="700"><subfield code="a">Clarence Karr, Jr</subfield></datafield><datafield ind1=" " ind2=" " tag="852"><subfield code="a">43306</subfield></datafield></record></collection>